@conference {Nikos13,
	title = {Compliant Humanoid COMAN: Optimal Joint Stiffness Tuning for Modal Frequency Contro},
	booktitle = {International Conference on Robotics and Automation},
	year = {2013},
	author = {N. Tsagarakis and Morfey, Stephen. and Cerda, G.M. and Zhibin Li and Darwin G Caldwell}
}

@INPROCEEDINGS{GaDLR12, 
author={Garofalo, G. and Ott, C. and Albu-Schaffer, A.}, 
booktitle={Robotics and Automation (ICRA), 2012 IEEE International Conference on}, 
title={Walking control of fully actuated robots based on the Bipedal SLIP model}, 
year={2012}, 
ISSN={1050-4729},
}

@INPROCEEDINGS{ViHo11, 
author={Howard, M. and Braun, D.J. and Vijayakumar, S.}, 
booktitle={Robotics and Automation (ICRA), 2011 IEEE International Conference on}, 
title={Constraint-based equilibrium and stiffness control of variable stiffness actuators}, 
year={2011}, 
ISSN={1050-4729},
}

@ARTICLE{SoftRoboticsDLR08, 
author={Albu-Schaffer, A. and Eiberger, O. and Grebenstein, M. and Haddadin, S. and Ott, C. and Wimbock, T. and Wolf, S. and Hirzinger, G.}, 
journal={Robotics Automation Magazine, IEEE}, 
title={Soft robotics}, 
year={2008}, 
ISSN={1070-9932},
}


@INPROCEEDINGS{TsLaVaCa09, 
author={Tsagarakis, N. G. and Laffranchi, M. and Vanderborght, B. and Caldwell, D.G.}, 
booktitle={Robotics and Automation, 2009. ICRA '09. IEEE International Conference on}, 
title={A compact soft actuator unit for small scale human friendly robots}, 
year={2009}, 
ISSN={1050-4729},
}


@INPROCEEDINGS{Spong98,
    author = {Mark W. Spong},
    title = {Underactuated Mechanical Systems},
    booktitle = {Control Problems in Robotics and Automation},
    year = {1998},
    publisher = {Springer-Verlag}
}

@inproceedings{Kawamura09:1,
  author = {Uemura, Mitsunori and Kimura, Kimura and Kawamura, Sadao},
  booktitle = {IROS},
  pages = {2928-2933},
  publisher = {IEEE},
  title = {Generation of energy saving motion for biped walking robot through resonance-based control method.},
  year = 2009
}

@inproceedings{Kawamura09:2,
 author = {Uemura, Mitsunori and Kawamura, Sadao},
 title = {Resonance-based motion control method for multi-joint robot through combining stiffness adaptation and iterative learning control},
 booktitle = {Proceedings of the 2009 IEEE international conference on Robotics and Automation},
 series = {ICRA'09},
 year = {2009},
 isbn = {978-1-4244-2788-8},
} 


@inproceedings{nakanishi11,
  author = {Nakanishi, Jun and Rawlik, Konrad and Vijayakumar, Sethu},
  booktitle = {IROS},
  isbn = {978-1-61284-454-1},
  publisher = {IEEE},
  timestamp = {2011-12-15T00:00:00.000+0100},
  title = {Stiffness and temporal optimization in periodic movements: An optimal control approach.},
  year = 2011
}


@INPROCEEDINGS{Ting10, 
author={Ting-Ying Wu and Yeh, T. -J and Bing-Hung Hsu}, 
booktitle={Intelligent Robots and Systems (IROS), 2010 IEEE/RSJ International Conference on}, 
title={Trajectory planning of a one-legged robot performing stable hop}, 
year={2010}, 
ISSN={2153-0858},
}

@INPROCEEDINGS{Ott12, 
author={Werner, A. and Lampariello, R. and Ott, C.}, 
booktitle={Intelligent Robots and Systems (IROS), 2012 IEEE/RSJ International Conference on}, 
title={Optimization-based generation and experimental validation of optimal walking trajectories for biped robots}, 
year={2012}, 
ISSN={2153-0858},
}

@article{MIT2010,
  author    = {Fumiya Iida and
               Russ Tedrake},
  title     = {Minimalistic control of biped walking in rough terrain},
  journal   = {Auton. Robots},
  volume    = {28},
  number    = {3},
  year      = {2010},
 }


@INPROCEEDINGS{Cornell:Ruina05, 
author={Collins, S.H. and Ruina, A.}, 
booktitle={Robotics and Automation, 2005. ICRA 2005. Proceedings of the 2005 IEEE International Conference on}, title={A Bipedal Walking Robot with Efficient and Human-Like Gait}, 
year={2005}, 
month={april}, 
volume={}, 
number={}, 
pages={ 1983 - 1988}, 
ISSN={},}

@INPROCEEDINGS{DelftBiped:2012, 
author={Valdivia, C.H.G. and Ortega, A.B. and Quintero Marmol Marquez, E. and Salazar, M.A.O.}, 
booktitle={Intelligent Environments (IE), 2012 8th International Conference on}, title={Development of a Biped Robot Based on Dynamic Walking: Design, Simulation and Construction}, 
year={2012}, 
pages={95 -102}, 
ISSN={},}


@INPROCEEDINGS{VMS07, 
author={Vernon, D. and Metta, G. and Sandini, G.}, 
booktitle={Development and Learning, 2007. ICDL 2007. IEEE 6th International Conference on}, title={The iCub cognitive architecture: Interactive development in a humanoid robot}, 
year={2007}, 
pages={122 -127}, 
}


@INPROCEEDINGS{ZTC10, 
author={Zhibin Li and Tsagarikis, N.G. and Caldwell, D.G. and Vanderborght, B.}, 
booktitle={Control Automation Robotics Vision (ICARCV), 2010 11th International Conference on}, title={Trajectory generation of straightened knee walking for humanoid robot iCub}, 
year={2010}, 
pages={2355 -2360}, 
}


@INPROCEEDINGS{TBRIC07, 
author={Tsagarakis, N.G. and Becchi, F. and Righetti, L. and Ijspeert, A. and Caldwell, D.G.}, 
booktitle={Intelligent Robots and Systems, 2007. IROS 2007. IEEE/RSJ International Conference on}, title={Lower body realization of the baby humanoid - x2018;iCub x2019;}, 
year={2007}, 
pages={3616 -3622}, 
}


@INPROCEEDINGS{TZSC11, 
author={Tsagarakis, N.G. and Zhibin Li and Saglia, J. and Caldwell, D.G.}, 
booktitle={Robotics and Automation (ICRA), 2011 IEEE International Conference on}, title={The design of the lower body of the compliant humanoid robot x201C;cCub x201D;}, 
year={2011}, 
pages={2035 -2040}, 
}


@inproceedings{Nao,
    author = {Gouaillier, David and Hugel, Vincent and Blazevic, Pierre and Kilner, Chris and Monceaux, Jerome and Lafourcade, Pascal and Marnier, Brice and Serre, Julien and Maisonnier, Bruno},
    booktitle = {Proceedings of the IEEE International Conference on Robotics and Automation (ICRA)},
    pages = {769--774},
    publisher = {IEEE},
    title = {Mechatronic design of NAO humanoid},
    year = {2009},
}

@article{Nao-1,
  author = {Gouaillier, David and Hugel, Vincent and Blazevic, Pierre and Kilner, Chris and Monceaux, J�r�me and 0002, Pascal Lafourcade and Marnier, Brice and Serre, Julien and Maisonnier, Bruno},
  journal = {CoRR},
  title = {The NAO humanoid: a combination of performance and affordability},
  volume = {abs/0807.3223},
  year = {2008},
}

@INPROCEEDINGS{R10, 
author={Raibert, M.}, 
booktitle={Humanoid Robots (Humanoids), 2010 10th IEEE-RAS International Conference on}, title={Dynamic legged robots for rough terrain}, 
year={2010}, 
pages={1}, 
ISSN={},}


@INPROCEEDINGS{Coman, 
author={Colasanto, L. and Tsagarakis, N.G. and Caldwell, D.G.}, 
booktitle={Biomedical Robotics and Biomechatronics (BioRob), 2012 4th IEEE RAS EMBS International Conference on}, title={A compact model for the compliant humanoid robot COMAN}, 
year={2012}, 
month={june}, 
volume={}, 
number={}, 
pages={688 -694}, 
doi={10.1109/BioRob.2012.6290765}, 
ISSN={2155-1774},}


@INPROCEEDINGS{MTC12, 
author={Moro, F.L. and Tsagarakis, N.G. and Caldwell, D.G.}, 
booktitle={Robotics and Automation (ICRA), 2012 IEEE International Conference on}, title={Efficient human-like walking for the compliant huMANoid COMAN based on linematic Motion Primitives (kMPs)}, 
year={2012}, 
pages={2007 -2014},  
ISSN={1050-4729},}


@INPROCEEDINGS{ZTC12, 
author={Zhibin Li and Tsagarakis, N.G. and Caldwell, D.G.}, 
booktitle={Robotics and Automation (ICRA), 2012 IEEE International Conference on}, title={Walking trajectory generation for humanoid robots with compliant joints: Experimentation with COMAN humanoid}, 
year={2012}, 
month={may}, 
pages={836 -841}, 
}



@article{Murray64,
author = {Murray, Pat M. and Drought, Bernard A. and Kory, Ross C.},
day = {1},
journal = {J Bone Joint Surg Am},
pages = {335-360},
title = {Walking Patterns of Normal Men},
volume = {46},
year = {1964},
}


@article{Asimo,
author = {Hirose Masato and Takenaka Tooru},
journal = {Honda R\&D Tech Rev},
location = {Japan},
pages = {1-6},
title = {Development of Humanoid Robot ASIMO},
volume = {13},
year = {2001},
}




@article{Lola,
author = {Buschmann, Thomas and Lohmeier, Sebastian and Ulbrich, Heinz},
title={Humanoid robot Lola: design and walking control.},
journal= {J Physiol Paris},
volume = {103},
year = {},
number = {3-5},
pages = {141-8},
issn = {1769-7115},
}


@inproceedings{HPR-3,
  added-at = {2009-05-10T00:00:00.000+0200},
  author = {Kaneko, Kenji and Harada, Kensuke and Kanehiro, Fumio and Miyamori, Gou and Akachi, Kazuhiko},
  booktitle = {IROS},
  date = {2009-05-10},
  pages = {2471-2478},
  publisher = {IEEE},
  title = {Humanoid robot HRP-3.},
  year = 2008
}


@INPROCEEDINGS{Wabian2, 
author={Ogura, Y. and Aikawa, H. and Shimomura K. and Morishima, A. and Hun-ok Lim and Takanishi, A.}, 
booktitle={Robotics and Automation, 2006. ICRA 2006. Proceedings 2006 IEEE International Conference on}, 
title={Development of a new humanoid robot WABIAN-2}, 
year={2006}, 
month={may}, 
pages={76 -81}, 
}

@article{GAM2010,
author={Ghiasi, A.R. and Alizadeh, G. and Mirzaei, M.},
year={2010},
journal={Multibody System Dynamics},
volume={23},
issue={4},
title={Simultaneous design of optimal gait pattern and controller for a bipedal robot},
publisher={Springer Netherlands},
pages={401-429},
}


@Article{GAMG11,
AUTHOR = {Garcia, Elena and Arevalo, Juan Carlos and Mu�oz, Gustavo and Gonzalez-de-Santos, Pablo},
TITLE = {On the Biomimetic Design of Agile-Robot Legs},
JOURNAL = {Sensors},
VOLUME = {11},
YEAR = {2011},
NUMBER = {12},
PAGES = {11305--11334},
URL = {http://www.mdpi.com/1424-8220/11/12/11305},
PubMedID = {22247667},
ISSN = {1424-8220},
}


@INPROCEEDINGS{Pratt95, 
author={Pratt, G.A. and Williamson, M.M.}, 
booktitle={Intelligent Robots and Systems 95. 'Human Robot Interaction and Cooperative Robots', Proceedings. 1995 IEEE/RSJ International conference on}, 
title={Series elastic actuators}, 
year={1995}, 
month={aug}, 
volume={1}, 
pages={399 -406 vol.1},  
}

5980457
@INPROCEEDINGS{CGGBMTB11, 
author={Catalano, M.G. and Grioli, G. and Garabini, M. and Bonomo, F. and Mancinit, M. and Tsagarakis, N. and Bicchi, A.}, 
booktitle={Robotics and Automation (ICRA), 2011 IEEE International Conference on},
title={VSA-CubeBot: A modular variable stiffness platform for multiple degrees of freedom robots}, 
year={2011}, 
month={may}, 
pages={5090 -5095}, 
ISSN={1050-4729},
}

@ARTICLE{Hurst08, 
author={Hurst, J. and Rizzi, A.}, 
journal={Robotics Automation Magazine, IEEE}, title={Series compliance for an efficient running gait}, 
year={2008}, 
volume={15}, 
number={3}, 
pages={42 -51}, 
ISSN={1070-9932},}

@INPROCEEDINGS{Garabini2011, 
author={Garabini, M. and Passaglia, A. and Belo, Felipe and Salaris, P. and Bicchi, A.}, 
booktitle={Intelligent Robots and Systems (IROS), 2011 IEEE/RSJ International Conference on}, 
title={Optimality principles in variable stiffness control: The VSA hammer}, 
year={2011}, 
ISSN={2153-0858},
}

@INPROCEEDINGS{AlbuSchaffer2011, 
author={Jung-Jun Park and Haddadin, S. and Jae-Bok Song and Albu-Schaffer, A.}, 
booktitle={Robotics and Automation (ICRA), 2011 IEEE International Conference on}, 
title={Designing optimally safe robot surface properties for minimizing the stress characteristics of human-robot collisions}, 
year={2011}, 
ISSN={1050-4729},
}

@InProceedings{CGGBDBTB12,
author = {M. G. Catalano and G. Grioli and M. Garabini and F. A. W. Belo and A. di Basco and N. Tsagarakis and A. Bicchi},
title = {Implementing a Variable Impedance Actuator},
booktitle = {International Conference of Robotics and Automation - ICRA 2012},
year = {2012},
address = {Saint Paul, MN, USA},
month = {May 14 - 18},
pages = {2666 - 2672},
}

@conference {CGGBDBTB12:2,
	title = {A Variable Damping module for Variable Impedance Actuation},
	booktitle = {International Conference of Robotics and Automation - ICRA 2012},
	year = {2012},
	month = {May 14 - 18},
	address = {Saint Paul, MN, USA},
	author = {M. G. Catalano and G. Grioli and M. Garabini and F. A. W. Belo and A. di Basco and N. G. Tsagarakis and A. Bicchi}
}


@article{Vanderborght11,
 author = {Vanderborght, Bram and Tsagarakis, Nikos G. and Ham, Ronald and Thorson, Ivar and Caldwell, Darwin G.},
 title = {MACCEPA 2.0: compliant actuator used for energy efficient hopping robot Chobino1D},
 journal = {Auton. Robots},
 volume = {31},
 number = {1},
 month = jul,
 year = {2011},
 issn = {0929-5593},
 pages = {55--65},
 publisher = {Kluwer Academic Publishers},
} 


@inproceedings{LaffranchiTC10,
  author = {Laffranchi, Matteo and Tsagarakis, Nikolaos G. and Caldwell, Darwin G.},
  booktitle = {ICRA},
  crossref = {conf/icra/2010},
  pages = {1668-1674},
  publisher = {IEEE},
  title = {A variable physical damping actuator (VPDA) for compliant robotic joints.},
  year = 2010
}

@inproceedings{Gerelli09,
             month = {September},
            author = {O. {Gerelli} and R. {Carloni} and S. {Stramigioli}},
         publisher = {IFAC International Federation of Automatic Control},
         booktitle = {Proceedings of the 9th International Symposium on Robot Control, Gifu, Japan},
          title = {Port-based modeling and optimal control for a new very versatile energy efficient actuator},
              year = {2009},
}


@mastersthesis{Taylor:2011,
author = {Michael D. Taylor},
title = {A Compact Series Elastic Actuator for Bipedal Robots with Human-Like Dynamic Performance },
school = {Robotics Institute, Carnegie Mellon University},
month = {August},
year = {2011},
number= {CMU-RI-TR-11-31},
}


@TECHREPORT{HRM2008,
    author = {Jonathan W. Hurst and Alfred A. Rizzi and Matt Mason},
    title = {The Role and Implementation of Compliance in Legged Locomotion},
    institution = {},
    year = {2008}
}


@article{WesterveltBG04,
  author    = {E. R. Westervelt and
               Gabriel Buche and
               J. W. Grizzle},
  title     = {Experimental Validation of a Framework for the Design of
               Controllers that Induce Stable Walking in Planar Bipeds},
  journal   = {I. J. Robotic Res.},
  volume    = {23},
  number    = {6},
  year      = {2004},
  pages     = {559-582},
}

@article{MABEL,
  author = {Sreenath, Koushil and Park, Hae-Won and Poulakakis, Ioannis and Grizzle, J. W.},
  journal = {I. J. Robotic Res.},
  number = 9,
  pages = {1170-1193},
  title = {A Compliant Hybrid Zero Dynamics Controller for Stable, Efficient and Fast Bipedal Walking on MABEL.},
  year = 2011
}


@article{MSTLDS2010,
  author = {Migliore, Shane A. and Ting, Lena H. and DeWeerth, Stephen P.},
  journal = {Auton. Robots},
  number = 1,
  pages = {119-135},
  title = {Passive joint stiffness in the hip and knee increases the energy efficiency of leg swinging.},
  volume = 29,
  year = 2010
}

@inproceedings{TakumaHH08,
  title = {3D bipedal robot with tunable leg compliance mechanism for multi-modal locomotion},
  author = {Takashi Takuma and Shinji Hayashi and Koh Hosoda},
  year = {2008},
  pages = {1097-1102},
  booktitle = {2008 IEEE/RSJ International Conference on Intelligent Robots and Systems, September 22-26, 2008, Acropolis Convention Center, Nice, France},
  publisher = {IEEE},
}



@inproceedings{RIS2006,
  author    = {Juergen Rummel and
               Fumiya Iida and
               Andr{\'e} Seyfarth},
  title     = {One-Legged Locomotion with a Compliant Passive Joint},
  booktitle = {IAS},
  year      = {2006},
  pages     = {566-573},
}

@inproceedings{GallowayCYK11,
  author = {Galloway, Kevin C. and Clark, Jonathan E. and Yim, Mark and Koditschek, Daniel E.},
  booktitle = {ICRA},
  pages = {1243-1249},
  publisher = {IEEE},
  title = {Experimental investigations into the role of passive variable compliant legs for dynamic robotic locomotion.},
  year = 2011
}

@conference {GTC2011,
	title = {Joint Stiffness Tuning for Compliant Robots: Protecting the Robot under Accidental Impacts},
	booktitle = {13th World Congress in Mechanism and Machine Science,2011},
	year = {2011},
	author = {Gan, D. M. and Tsagarakis, N. G. and Dai, J. S. and Caldwell, D. G.}
}


@article{VanderborghtVHDLDB06,
author = {B. Vanderborght and B. Verrelst and R. Van Ham and M. Van Damme and D. Lefeber and B. Meira Y. Duran and P. Beyl},
title = {Exploiting Natural Dynamics to Reduce Energy Consumption by Controlling the Compliance of Soft Actuators},
year = {2006},
journal = {I. J. Robotic Res.},
volume = {25},
number = {4},
pages = {343-358},
}




@INPROCEEDINGS{ZVTCC2012, 
author={Zhibin Li and Vanderborght, B. and Tsagarakis, N.G. and Colasanto, L. and Caldwell, D.G.}, 
booktitle={Robotics and Automation (ICRA), 2012 IEEE International Conference on}, 
title={Stabilization for the compliant humanoid robot COMAN exploiting intrinsic and controlled compliance}, 
year={2012}, 
month={may}, 
pages={2000 -2006}, 
ISSN={1050-4729},
}





@INPROCEEDINGS{4115607, 
author={Van Ham, R. and Vanderborght, B. and Verrelst, B. and Van Damme, M. and Lefeber, D.}, 
booktitle={Humanoid Robots, 2006 6th IEEE-RAS International Conference on}, 
title={Controlled Passive Walker Veronica Powered by Actuators with Independent Control of Equilibrium Position and Compliance}, 
year={2006}, 
month={dec}, 
pages={234 -239}, 
}



@article{doi:10.1117/12.548000,
author = {Pratt, Jerry E. and Krupp, Benjamin T.},
title = {Series Elastic Actuators for legged robots},
journal={},
volume = {},
number = {},
pages = {135-144},
year = {2004},
}

@INPROCEEDINGS{4115608, 
author={Vanderborght, B. and Verrelst, B. and Van Damme, M. and Van Ham, R. and Beyl, P. and Lefeber, D.}, 
booktitle={Humanoid Robots, 2006 6th IEEE-RAS International Conference on}, 
title={Locomotion Control Architecture for the Pneumatic Biped Lucy consisting of a Trajectory Generator and Joint Trajectory Tracking Controller}, 
year={2006}, 
month={dec.}, 
volume={}, 
number={}, 
pages={240 -245}, 
ISSN={},
}

@INPROCEEDINGS{620132, 
author={Caldwell, D.G. and Medrano-Cerda, G.A. and Bowler, C.J.}, 
booktitle={Robotics and Automation, 1997. Proceedings., 1997 IEEE International Conference on}, 
title={Investigation of bipedal robot locomotion using pneumatic muscle actuators}, 
year={1997}, 
month={apr}, 
volume={1}, 
number={}, 
pages={799 -804 vol.1}, 
ISSN={},
}

@INPROCEEDINGS{4115646, 
author={Spampinato, G. and Muscato, G.}, 
booktitle={Humanoid Robots, 2006 6th IEEE-RAS International Conference on}, 
title={DIEES Biped Robot: A bio-inspired Pneumatic Platform for Human Locomotion Analysis and Stiffness Control.}, 
year={2006}, 
month={dec}, 
volume={}, 
number={}, 
pages={478 -483}, 
ISSN={},
}


@article{892008,
author = {von Euler, C},
title = {The functional organization of the respiratory phase-switching mechanisms.},
journal = {Fed Proc},
volume = {36},
year = {1977},
number = {10},
PAGES = {2375-80},
ISSN = {0014-9446},
}

@inproceedings{so78018,
number = {1},
month = {August},
author = {Ludo C. Visser and Stefano Stramigioli and Antonio Bicchi},
booktitle = { Proceedings of the 18th IFAC World Congress, 2011},
title = {Embodying Desired Behavior in Variable Stiffness Actuators},
publisher = {IFAC},
year = {2011},
pages = {9733-9738},
}


@INPROCEEDINGS{5651082, 
author={Kajita, S. and Morisawa, M. and Miura, K. and Nakaoka, S. and Harada, K. and Kaneko, K. and Kanehiro, F. and Yokoi, K.}, 
booktitle={Intelligent Robots and Systems (IROS), 2010 IEEE/RSJ International Conference on}, 
title={Biped walking stabilization based on linear inverted pendulum tracking}, 
year={2010}, 
month={oct.}, 
volume={}, 
number={}, 
pages={4489 -4496}, 
ISSN={2153-0858},
}

@online{asm,
url={http://www.ams.com/eng/Products/Magnetic-Position-Sensors/Rotary-Magnetic-Position-Sensors/AS5045}
}

@online{maxon,
url={http://dcx.maxonmotor.com/maxon-dcx/eng/detail.jsp#.UcmehkLA3Vs}
}

@book{isidori1995nonlinear,
  title={Nonlinear Control Systems},
  author={Isidori, A.},
  number={v. 1},
  series={Communications and Control Engineering},
  year={1995},
  publisher={Springer}
}

@inproceedings{Fliess2003,
author={M.Fliess and H.J. Sira-Ram},
title={State reconstructors: a possible alternative to asymptotic observers and Kalman filters},
booktitle={Computation Engineering in Systems Applications, CESA},
year= {2003}
}
